@misc{shavidissa2019,
  author = "shavidissa",
  title = "Container Evolution",
  howpublished = "GitHub repository",
  year = "2019",
  note = "Commit 1e8b524, issue \#14657",
  url = "https://github.com/kubernetes/website"
}